@online{RayTracerCpp,
    url    = {https://github.com/jonathannerat/ray-tracing-iow-cpp},
    title  = {Ray Tracing en C++},
    author = {Jonathan Teran},
}

@online{RTIOW,
    url = {https://raytracing.github.io},
    title  = {Ray Tracing in One Weekend},
    author = {Peter Shirley},
}

@online{rtmartin,
    url = {https://github.com/martinmongi/ray_tracer},
    title = {Trabajo Final Orga2 Ray Tracer},
    author = {Martín Mongi Badía}
}

@misc{schlicksapprox,
   author = "Wikipedia",
   title = "{Schlick's approximation}",
   year = "2023",
   howpublished = {\url{http://en.wikipedia.org/w/index.php?title=Schlick's\%20approximation&oldid=1113314981}},
   note = "[Online; accessed 21-June-2023]"
}
